2247 3115
626 147 702 172 LEX
729 146 1027 172 vlsloo'mlORUM
1052 146 1088 174 V.
1107 146 1136 177 4,
1157 146 1294 173 14—17.
1724 146 1787 176 223

144 244 332 278 &caldra-,1
367 240 412 270 (ld
438 246 543 270 autem
570 245 601 270 et
626 239 665 270 dc
693 238 817 269 ancillis
849 239 1046 280 precipimus
1079 239 1253 269 eustodi1·i.¹
1309 240 1420 271 Idem¹
1453 246 1560 272 tamen
1593 254 1705 273 servus
1736 243 1788 273 vel

139 293 270 329 ancilla,
303 304 358 324 seu
388 292 513 323 venditi
545 293 613 322 sive
646 291 755 322 donati
788 291 837 321 vcl
871 292 1074 330 connuntati,
1106 292 1138 322 in
1170 293 1311 333 priorum
1344 293 1544 324 dominorum
1583 296 1688 336 capite
1725 307 1787 326 non

138 351 358 388 torqueantur,
383 357 488 387 neque
514 345 688 376 credantur
712 345 768 377 cis,
794 345 819 374 si
845 344 1006 385 prioribus
1031 344 1168 375 dominis
1194 346 1316 376 crimen
1341 346 1528 377 obiecerint.

143 447 333 481 Recc.E1·1·.1
818 447 882 472 XV.
922 446 1110 477 ANTIQUA.

107 523 119 540 5
425 504 475 535 Ut
506 505 615 534 servi
648 504 810 534 venditi
842 503 1088 535 facultatem
1120 503 1308 535 dominus
1340 511 1497 546 querat.

5 568 120 614 (οὲ-βω
247 567 291 597 [Si
323 567 394 608 quis
426 578 554 597 servum
586 577 678 597 suum
710 566 902 605 vendiderit,
935 566 1003 596 eius
1035 566 1182 597 nesciens
1214 566 1409 607 facultatem,
1440 567 1573 599 habebit
1604 569 1787 611 inquirendi

70 610 75 615 .
139 620 273 651 liberam
306 619 519 662 potcstatexnl,
550 624 584 650 ut
610 618 680 650 [sibi
706 619 849 650 vindicet
881 619 942 658 ille,
975 620 1029 660 qui
1061 619 1222 659 vendidit,
1255 631 1327 651 cum
1360 622 1501 662 potuerit
1532 622 1687 652 invenire¹
1720 634 1787 653 rem

139 674 223 704 servi
249 672 381 703 venditi.

138 768 230 792 Recc.
246 766 332 799 Εἰϊ]
812 765 889 791 xvl.
929 764 1117 796 ANTIQUA.

95 838 119 855 10
538 823 579 854 Si
611 834 757 853 servus
789 823 841 853 sit
873 822 919 853 de
952 834 1022 853 suo
1055 823 1221 865 peculio
1253 830 1392 855 emtus.

6 887 118 932 εἷ’-ξπ·
246 887 280 917 >Ji
305 897 416 917 servus
442 885 481 916 de
507 896 562 916 suo
588 884 715 926 peculio
740 885 836 915 fucrit
860 890 973 924 cuitus,
1007 891 1049 931 et*
1068 885 1128 916 hoc
1160 885 1308 916 dominus
1340 887 1408 916 eius
1440 886 1522 917 sorte
1553 887 1715 927 nescierit,
1747 887 1787 918 de

71 929 75 933 .
140 939 261 970 domini
285 940 333 970 sui
358 945 517 981 potestate
542 950 606 968 non
635 944 747 977 exeat3
780 939 855 979 quia
886 950 949 968 nou
979 939 1127 980 pretium,
1160 938 1217 969 sed
1242 950 1291 969 res
1324 940 1409 970 servi
1441 940 1489 970 sui
1521 939 1679 980 dominus,
1712 940 1787 971 dum

140 993 275 1034 ignorat.
301 993 437 1034 accepit.

140 1087 232 1112 Recc.
249 1085 334 1119 Ε’νικ]
808 1085 897 1111 xvn.
939 1084 1126 1116 ANTIQUA.

96 1160 120 1178 15
492 1143 540 1174 Ut
572 1142 710 1173 nullus
743 1154 903 1173 servum
936 1154 1048 1173 suum
1079 1142 1232 1174 vendat
1262 1144 1432 1174 invitus.

247 1206 421 1247 sepissime
434 1208 445 1225 2
468 1205 556 1246 leges
582 1206 728 1235 oriuntur
752 1216 791 1235 ex
813 1205 929 1244 causis,
956 1210 987 1235 et
1004 1216 1076 1235 cuin
1094 1204 1215 1246 aliquid
1232 1205 1359 1236 insolite
1376 1205 1499 1237 fraudis
1516 1207 1635 1244 existit,
1654 1218 1786 1237 necesse

139 1265 187 1290 est
211 1265 323 1290 contra
354 1258 492 1289 notande
518 1258 704 1289 calliditatis
735 1259 885 1289 astutiam
917 1263 1105 1300 preceptum
1136 1270 1220 1289 nove
1252 1259 1487 1290 constitutionis
1519 1260 1648 1301 opponi.
1703 1259 1786 1291 Con-

139 1313 280 1354 perimus
305 1311 475 1343 multorum
502 1323 611 1342 servos
636 1311 687 1342 vel
712 1311 845 1342 ancillas
870 1311 911 1342 ad
936 1311 1107 1342 ecclesiam
1133 1311 1346 1353 quorumdam
1369 1312 1593 1343 sollicitatione
1611 1313 1786 1355 confugere

139 1372 170 1396 et
202 1365 266 1396 illic
303 1365 343 1395 de
374 1365 492 1396 iniusto
529 1364 731 1395 dominorum
767 1365 901 1406 imperio
938 1365 1105 1406 sepissime
1142 1364 1325 1406 querellari,
1361 1370 1395 1396 ut
1430 1366 1475 1396 ita
1509 1366 1786 1397 intercedentibus

94 1431 120 1449 κο
139 1419 265 1450 clericis
298 1418 461 1459 religionis
493 1417 626 1449 obtentu
663 1417 791 1448 domino
823 1418 1050 1448 necessitatem
1080 1417 1269 1449 vinditionis
1306 1424 1529 1460 extorqueant.
1588 1419 1652 1450 Hic
1688 1421 1785 1450 etiam

138 1472 326 1514 plerumque
352 1471 480 1502 domino
506 1482 594 1502 error
619 1471 792 1513 inponitur,
817 1477 851 1502 ut
875 1476 930 1502 aut
954 1471 1091 1502 clericus
1115 1476 1170 1502 aut
1194 1472 1390 1514 quicumque
1415 1471 1496 1502 alius
1520 1483 1555 1503 se
1580 1472 1668 1503 velut
1685 1478 1786 1503 emtor

139 1526 330 1567 interponat,
355 1525 494 1566 pretium
518 1524 696 1555 traditurus
721 1524 871 1563 alienum,
896 1529 928 1555 et
952 1523 1011 1555 sub
1036 1524 1129 1555 huius
1154 1525 1433 1566 argumentatione
1459 1525 1600 1556 conludii
1625 1525 1784 1556 interdum

138 1578 266 1609 domino
292 1578 455 1609 nesciente
481 1589 592 1608 servus
617 1577 777 1608 vendatur
801 1578 941 1617 inimico,
967 1577 1073 1619 adque
1105 1578 1244 1617 eveniat,
1276 1583 1311 1608 ut
1341 1579 1374 1608 in
1398 1578 1509 1609 vicina
1538 1578 1683 1609 forsitam
1714 1579 1786 1610 loca

139 1632 339 1669 constitutus,
365 1642 437 1662 eum
461 1630 514 1661 ille
545 1630 720 1672 possideat.
752 1631 806 1672 qui
838 1629 967 1672 publice
998 1629 1179 1661 nullatenus
1211 1630 1253 1661 ad
1284 1636 1484 1662 contractum
1514 1631 1701 1663 vinditionis
1732 1643 1784 1663 ac-

94 1697 119 1715 25
139 1685 244 1715 cessit.
291 1684 431 1715 Proinde
456 1684 516 1715 hac
540 1684 709 1726 profutura
733 1683 880 1714 omnibus
905 1684 977 1725 lege
1002 1684 1174 1723 sancimus,
1206 1689 1241 1714 ut
1264 1684 1370 1715 nullus
1394 1695 1523 1715 servum
1548 1696 1641 1716 suum
1665 1685 1785 1716 vendat

138 1738 273 1774 invitus;
299 1737 356 1768 sed
381 1737 518 1768 clericus
543 1742 597 1768 aut
621 1736 758 1768 ecclesie
784 1742 903 1777 custus,
931 1737 1015 1768 sicut
1038 1738 1071 1767 in
1095 1737 1166 1768 aliis
1190 1737 1317 1779 legibus
1328 1740 1340 1757 ³
1370 1739 1561 1778 continetur,
1594 1744 1783 1770 excusatum

139 1802 156 1821 a
181 1791 276 1832 culpa
301 1790 430 1821 domino
455 1801 583 1821 servum
608 1795 715 1821 amota
739 1790 892 1821 dilatione
922 1791 1098 1821 restituat*.
1154 1790 1239 1822 Satis
1271 1791 1357 1821 enim
1381 1791 1510 1822 videtur
1539 1791 1718 1833 indignum,
1750 1798 1784 1823 ut

250 1880 275 1916 ¹⁴⁵)
300 1886 346 1910 1⁷3
366 1886 440 1910 add:
465 1885 524 1918 ipse
551 1892 662 1918 quoque
687 1892 736 1918 pro
761 1884 868 1910 scelere
894 1884 966 1910 servi
990 1880 1155 1910 redditurus
1175 1885 1288 1919 petenti
1312 1893 1485 1919 responsum.

244 1989 274 2017 V,
295 1990 318 2016 4,
342 1990 381 2012 14.
419 1989 435 2012 l.
450 1989 473 2012 2.
494 1987 658 2012 commodati
678 1987 701 2011 R
715 1988 738 2012 2.
765 1987 773 2016 Η
800 1988 815 2012 Z.
831 1990 853 2012 3.
875 1986 1029 2018 credantur]
1051 1989 1086 2012 ἰεα
1106 1988 1137 2012 R.
1158 1987 1197 2018 E;
1217 1989 1343 2013 credatur
1362 1989 1388 2013 V.
1426 1990 1449 2013 si
1469 1990 1497 2012 in
1516 1990 1651 2021 prioribus
1672 1989 1704 2013 Ε.
1726 1990 1780 2013 Vl.

94 2042 119 2061 ³0
244 2033 276 2061 V,
297 2034 320 2061 4,
344 2033 382 2057 15.
423 2032 499 2057 Codcl.
518 2032 543 2056 R
558 2034 580 2056 1.
601 2033 624 2056 2.
646 2032 707 2056 ΕΙ.
729 2033 752 2056 2.
773 2032 828 2056 1⁷1.
850 2033 873 2056 2.
901 2034 924 2056 3.
954 2031 1002 2062 (4).
1030 2033 1052 2056 5.
1074 2033 1097 2057 7.
1121 2032 1173 2063 (17.
1203 2032 1256 2061 18).
1286 2046 1318 2048 —
1348 2033 1363 2057 Ζ.
1385 2034 1407 2056 4.
1435 2033 1599 2063 ANTIQUA
1624 2034 1690 2058 deest
1715 2033 1739 2058 R
1757 2035 1781 2058 2.

144 2077 166 2100 V
178 2079 199 2101 1.
220 2079 243 2101 3.
277 2076 285 2106 Η
318 2078 334 2102 l.
355 2078 378 2101 7.
404 2077 530 2101 vendicet
550 2076 606 2100 1⁷1.
627 2077 650 2100 2.
674 2077 712 2100 17.
735 2077 774 2100 18.
831 2077 953 2101 vendidit
972 2085 1033 2100 cum
1052 2074 1183 2109 potuerit]
1203 2077 1241 2101 ita
1260 2077 1284 2101 R
1299 2079 1321 2101 1.
1342 2077 1373 2101 E.
1394 2077 1450 2101 Vl.
1471 2079 1494 2102 2.
1519 2079 1542 2101 3.
1570 2078 1593 2101 5.
1615 2078 1638 2104 7.
1667 2078 1706 2102 17.
1735 2079 1780 2108 18;

137 2121 259 2145 vendidit
279 2122 300 2145 si
320 2125 375 2153 pot.
396 2121 420 2144 R
433 2122 462 2149 2;
483 2121 606 2145 vendidit
625 2129 766 2144 servum
787 2122 809 2145 si
828 2122 948 2152 potuerit
968 2121 1038 2145 M'ad.

243 2166 274 2193 V,
294 2168 318 2193 4,
340 2166 380 2189 16.
420 2165 495 2189 (bdd.
516 2165 540 2189 R
554 2166 576 2188 1.
597 2166 612 2188 2
634 2164 695 2195 (non
715 2165 762 2188 ηἰεὶ
781 2165 903 2189 rubricam
918 2164 1060 2197 praebens).
1081 2165 1141 2189 El.
1162 2167 1185 2190 2.
1206 2166 1262 2189 1⁷1.
1283 2167 1306 2190 2.
1328 2167 1352 2190 3.
1372 2163 1407 2196 (4.
1428 2165 1463 2197 5).
1481 2167 1504 2190 7.
1526 2164 1571 2197 (8).
1593 2179 1623 2182 »-
1645 2167 1661 2190 l.
1675 2168 1698 2191 9.
1719 2167 1779 2190 AN-

136 2210 252 2239 TIQUA
271 2210 337 2234 deest
356 2210 379 2233 R
393 2210 416 2235 2.
437 2210 459 2232 Γ
470 2211 491 2233 1.
513 2211 536 2233 3.
557 2211 580 2233 4.
601 2210 624 2233 8.
658 2209 666 2238 Η
699 2210 714 2233 Ζ.
737 2211 775 2233 11.
803 2210 831 2233 Si
851 2218 943 2233 servus
965 2222 997 2226 —
1017 2211 1123 2241 accepit
1141 2209 1190 2234 des.
1211 2209 1235 2234 R
1248 2211 1272 2234 2.

94 2263 119 2282 35
242 2254 274 2282 V,
294 2255 318 2283 4,
340 2254 380 2278 17.
420 2253 496 2278 Codd.
516 2253 540 2277 R
554 2255 576 2278 1.
597 2255 620 2278 2.
641 2253 703 2277 El.
724 2254 747 2277 2.
768 2254 823 2277 Vl.
844 2255 867 2280 2.
888 2255 912 2278 3.
932 2256 956 2278 4.
977 2256 1000 2278 5.
1015 2256 1038 2280 7.
1059 2253 1093 2285 (8.
1114 2256 1155 2278 14.
1176 2255 1273 2279 15.17.
1288 2253 1341 2285 20).
1366 2267 1401 2270 -
1424 2255 1440 2279 l.
1463 2256 1504 2278 14.
1530 2253 1702 2285 ANTIQUA]
1715 2255 1781 2279 deest

139 2298 195 2324 ΗΞ,
210 2298 267 2322 El.
286 2298 338 2322 Vl.
353 2300 377 2322 3.
392 2300 416 2322 4.
430 2299 453 2322 5.
470 2300 509 2322 14.
526 2299 572 2327 l7;
592 2298 670 2322 ANT.
692 2298 853 2322 NOVITER
872 2299 1072 2322 EMENDATA
1091 2298 1164 2323 V15.
1189 2299 1197 2327 Η
1221 2299 1236 2322 l.
1253 2300 1293 2323 15.
1314 2299 1424 2323 Rubi-ica
1441 2299 1507 2323 dees!
1526 2299 1550 2323 R
1564 2300 1587 2323 2.
1611 2299 1620 2329 Η
1644 2300 1660 2323 l.
1676 2300 1715 2323 16.
1737 2308 1778 2323 ex·

136 2344 191 2367 titit
216 2343 240 2366 R
259 2344 283 2367 2.
316 2342 324 2372 Η
356 2343 372 2366 ἶ.
395 2343 435 2367 18.
462 2339 514 2373 vel]
541 2343 598 2366 sive
626 2342 652 2366 E
672 2344 692 2366 1.
725 2342 733 2372 H
766 2343 782 2366 l.
802 2343 843 2366 ⁴20.
871 2343 1036 2367 venditionis
1055 2342 1116 2367 El.
1137 2343 1163 2366 V.
1220 2340 1283 2374 Hic]
1302 2343 1338 2367 ita
1357 2343 1387 2367 B.
1409 2343 1470 2367 ΕΙ.
1491 2343 1547 2367 1⁷3.
1569 2345 1598 2373 73
1626 2344 1697 2367 Hinc
1717 2343 1778 2367 Ε2.

144 2387 199 2411 ΓΙ.
219 2388 244 2411 2.
264 2389 287 2411 4.
309 2388 331 2411 5.
352 2388 376 2411 S.
398 2388 437 2411 17.
458 2388 506 2416 20;
533 2387 576 2411 Sic
604 2387 674 2410 Mad.
707 2386 715 2414 Η
748 2388 764 2410 Ζ.
785 2388 824 2411 21.
851 2385 1021 2418 plerumque]
1043 2386 1163 2418 plerique
1183 2387 1207 2411 B
1223 2388 1245 2416 1,
1272 2387 1314 2411 uhi
1332 2387 1404 2412 verba
1430 2391 1459 2411 ut
1478 2388 1517 2411 ita
1536 2400 1569 2403 -—
1589 2388 1778 2412 necessitatem

137 2440 165 2455 ευ.
180 2431 338 2463 praecedenti
356 2431 476 2455 sententia
495 2431 598 2462 repetita
616 2436 760 2462 sequuntur.
794 2431 801 2460 Η
834 2432 849 2455 l.
870 2432 911 2455 22.
937 2429 1096 2462 traditurus]
1122 2431 1277 2456 redditurus
1302 2432 1336 2455 al.
1355 2440 1422 2456 man.
1441 2440 1503 2455 corr.
1530 2432 1678 2455 traditurus
1706 2431 1733 2455 Ε
1748 2433 1777 2462 2;

94 2485 120 2503 40
139 2476 290 2499 redditurus
311 2475 367 2499 1⁷3.
388 2476 411 2499 7.
430 2475 518 2500 Μαά.,·
541 2475 650 2499 daturus
671 2475 744 2499 1'15.
800 2477 1064 2507 argumentationem
1082 2475 1107 2499 R
1122 2477 1144 2500 1.
1176 2475 1185 2505 Η
1217 2476 1234 2500 l.
1254 2477 1295 2500 23.
1323 2477 1450 2500 deveniat
1476 2476 1500 2499 R
1521 2478 1542 2499 1.
1599 2473 1668 2506 loca]
1697 2475 1778 2507 longa

138 2519 166 2543 E
184 2521 206 2543 1.
232 2519 256 2542 V
272 2520 311 2544 17.
353 2518 361 2547 Η
402 2519 418 2543 Ζ.
441 2520 482 2543 24.
508 2520 674 2544 venditionis
701 2519 732 2543 E.
759 2520 784 2543 V.
826 2519 834 2548 Η
876 2520 891 2544 I.
916 2521 957 2544 25.
985 2521 1138 2544 sanccimus
1165 2520 1188 2544 R
1207 2521 1238 2549 2;
1265 2521 1414 2544 sanesimus
1441 2519 1468 2543 E
1485 2521 1514 2549 2;
1542 2521 1688 2544 sanctimus
1715 2519 1739 2543 V
1755 2521 1776 2544 l.

139 2564 154 2588 l.
175 2564 216 2588 26.
243 2560 347 2594 custus]
367 2563 402 2587 ita
422 2563 445 2587 R
460 2565 482 2587 1.
503 2563 534 2587 E.
554 2563 617 2593 1773
637 2567 728 2587 custos
747 2568 800 2588 cett.

248 2654 276 2687 1)
301 2653 382 2681 Haec
406 2653 581 2690 Leoviyildus
604 2653 746 2681 addidisse
767 2653 876 2681 videtur
897 2655 1045 2682 secundum
1071 2654 1105 2682 L.
1130 2654 1211 2682 Rom.
1235 2654 1291 2682 Vz's.
1317 2654 1399 2682 Paul.
1424 2654 1455 2688 V,
1483 2653 1531 2687 18,
1558 2654 1593 2680 8:
1622 2654 1725 2691 Servus
1748 2655 1776 2680 in

140 2710 225 2742 eaput
248 2707 359 2740 domini,
385 2716 401 2733 a
425 2715 479 2741 quo
503 2707 653 2733 distraetus
678 2711 721 2733 est
745 2708 846 2741 cuique
871 2708 1021 2742 aliquando
1044 2708 1169 2741 servivit,
1195 2708 1224 2734 in
1247 2708 1405 2734 memoriam
1429 2707 1527 2742 prioris
1551 2707 1664 2733 dominii
1686 2708 1774 2734 inter—

95 2772 121 2791 45
139 2761 229 2795 rogari
252 2769 307 2786 non
330 2764 436 2795 potest.
528 2758 558 2793 2)
582 2759 664 2787 Haec
687 2760 732 2786 lex
755 2761 863 2787 novella
886 2770 905 2788 a
929 2760 1090 2798 Leoviyildo
1107 2760 1237 2794 fortasse
1260 2761 1320 2787 lata
1343 2764 1389 2787 est.
1482 2758 1512 2793 3)
1539 2759 1592 2794 IX,
1619 2760 1646 2793 3,
1674 2760 1709 2793 3;
1734 2761 1773 2795 cs.

140 2812 193 2847 IX,
219 2813 247 2847 3,
273 2813 309 2847 4,·
339 2812 386 2846 VI,
412 2813 440 2846 5,
469 2812 517 2839 16.

1808 247 1842 281 v,
1855 247 1883 281 4,
1899 246 1942 273 14.

1808 450 1842 484 v,
1854 450 1882 486 4,
1897 451 1940 477 15.

1808 769 1841 804 v,
1854 769 1882 803 4,
1896 770 1942 796 ιθ.

1806 1091 1840 1125 v,
1852 1090 1880 1125 4,
1894 1090 1938 1118 17.
