2247 3115
96 733 119 750 10

96 1068 119 1086 15

94 1342 120 1360 20

95 1607 120 1625 25

95 1924 121 1943 30

96 2144 121 2163 35

97 2373 122 2391 40

97 2593 123 2611 45

613 134 691 160 LEX
716 132 1017 160 VISIGOTHORUM
1042 133 1108 165 XII,
1128 132 1157 165 3,
1178 133 1226 159 16.
1256 134 1304 160 17.
1723 129 1785 159 447

137 230 224 265 Era}
538 230 615 256 XVI.
656 230 823 257 FLAVIUS
848 229 1066 256 GLORIOSUS
1092 230 1275 256 ERVIGIUS
1300 230 1389 256 REX.

138 288 196 319 De
217 287 468 319 christianis
489 288 711 329 mancipiis
729 287 963 325 Iudeorum,
982 298 1057 328 que
1079 298 1119 317 se
1140 298 1216 317 11011
1239 286 1516 328 prodiderunt
1537 287 1785 326 christiana,

613 341 701 372 sive
727 340 772 371 de
798 339 1139 381 publicatoribus
1165 350 1311 370 corum.

245 402 447 433 chreorum
480 403 642 444 mancipia
672 401 837 443 religionis
870 406 980 432 sancte
1010 401 1101 432 titulo
1134 407 1333 441 consecrata,
1366 402 1391 431 si
1423 401 1625 432 dominorum
1657 412 1785 432 suorum

139 455 282 497 qualibet
317 455 526 496 persuasione
563 454 680 485 inlecta
717 454 872 496 abinceps
908 454 994 485 nullo
1027 454 1120 484 modo
1157 466 1190 484 se
1229 454 1339 484 fuisse.
1365 453 1565 495 prodiderint
1601 454 1785 493 christiana,

139 508 276 550 qualiter
300 507 359 538 sub
392 518 502 538 eorum
533 507 734 538 dominorum
766 518 896 538 suorum
928 508 1002 548 iugo
1034 507 1217 548 persistant,
1250 512 1335 543 tunc,
1369 507 1444 548 quia
1476 506 1596 538 indulte
1628 507 1786 538 libertatis

138 562 275 603 gratiam
301 566 501 602 respuerunt,
535 561 585 592 cui
611 572 630 591 a
654 561 800 602 principe
833 560 940 590 collati
971 560 1099 599 fuerint,
1132 566 1289 602 perpetua
1320 561 1483 590 servitutis
1514 559 1640 601 religati
1672 564 1788 590 catena

138 614 242 645 modis
266 613 414 644 omnibus
438 613 643 644 tenebuntur.
698 613 753 643 Hii
784 618 904 651 tamen,
935 624 994 654 per
1025 624 1104 654 quos
1136 613 1196 643 hoc
1228 613 1325 643 fuerit
1354 612 1523 643 manifeste
1556 612 1728 651 detectum,
1761 613 1787 642 si

139 674 170 698 et
194 667 262 708 ipse
287 666 407 697 Iudeus
432 667 528 697 fuerit
553 673 584 697 ct
615 665 787 698 cuiuslibet
811 665 904 696 ludei
936 677 1048 696 servus
1081 666 1232 703 extiterit,
1266 676 1442 696 conversus
1473 665 1515 695 ad
1540 664 1659 696 Christi
1690 665 1787 695 fidem

138 721 170 750 in
210 719 357 751 libertate
398 720 559 761 persistat.
623 719 680 750 Sin
716 725 822 750 autem
859 718 1010 760 quislibet
1046 730 1087 749 ex
1124 719 1307 749 christianis
1343 718 1402 749 hoc
1438 718 1615 760 prodiderit
1655 718 1786 757 sactum,

139 780 160 803 V
186 773 304 803 solidos
329 784 387 814 per
410 772 663 814 unumquodque
688 773 885 813 mancipium
918 771 1126 802 christianum
1158 772 1306 813 accipiet,
1339 771 1379 802 ab
1412 782 1448 801 eo
1482 771 1613 809 scilicet,
1647 771 1700 812 qui
1733 782 1787 801 eos

139 825 225 868 apud
250 837 283 856 se
308 834 380 868 post
404 825 479 856 data
503 825 563 856 hec
589 825 719 856 decreta
743 826 911 855 convictus
936 824 1033 855 fuerit.
1057 825 1209 855 tenuisse.

139 945 225 979 Era}
532 944 624 970 XVII.
664 944 830 970 FLAVIUS
857 944 1076 970 GLORIOSUS
1102 943 1284 970 ERVIGIUS
1310 944 1398 969 REX.

140 1002 194 1033 Ne
231 1001 350 1032 Iudei
389 1013 407 1032 a
448 1001 639 1043 quolibet
674 1007 884 1043 potestate
921 1007 1096 1042 accepta
1132 1006 1250 1031 extra
1286 1001 1441 1041 regiam
1482 1000 1789 1031 ordinationem

140 1055 415 1094 christianum
458 1065 657 1096 quemque
698 1055 921 1095 imperare,
962 1054 1149 1095 plectere
1191 1053 1255 1084 vel
1300 1053 1559 1094 distringere
1600 1053 1788 1084 audeant.

246 1116 360 1147 Nullus
384 1116 557 1147 Iudeorum
583 1128 601 1146 a
625 1117 729 1158 primo
755 1127 838 1146 anno
863 1117 954 1157 regni
979 1116 1089 1154 nostri,
1122 1115 1154 1146 id
1179 1121 1227 1146 est
1260 1127 1278 1146 a
1310 1115 1362 1146 dic
1395 1116 1506 1156 quinto
1538 1115 1650 1146 iduum
1674 1115 1789 1146 Ianua—

139 1171 259 1201 riarum
270 1172 290 1209 1,
316 1169 412 1200 ullam
437 1169 694 1205 administrandi,
726 1169 906 1210 inperandi,
940 1168 1163 1210 distringendi,
1197 1168 1369 1199 coercendi
1399 1168 1451 1199 vel
1484 1168 1646 1209 plectendi
1679 1179 1789 1198 curam

138 1223 190 1254 vel
214 1229 405 1264 potestatem
431 1233 527 1264 super
552 1222 743 1253 christianos
769 1228 931 1261 exerceat,
964 1228 1101 1263 excepto
1127 1222 1153 1252 si
1178 1222 1329 1263 princeps
1355 1221 1464 1263 aliqua
1488 1221 1634 1251 utilitatis
1659 1220 1789 1262 publice

139 1276 172 1306 id
202 1276 272 1307 fieri
303 1276 485 1317 permiserit
517 1286 625 1306 causa.
680 1275 714 1306 Si
746 1276 817 1317 quis
849 1280 956 1305 autem
987 1274 1176 1315 Iudeorum,
1213 1279 1349 1316 accepta
1384 1285 1404 1304 a
1439 1273 1583 1316 quolibet
1619 1279 1788 1316 potestate,

140 1329 348 1360 christianum
381 1339 617 1370 quemcumque
649 1328 859 1370 distringere,
898 1327 1056 1369 plectere,
1096 1338 1246 1358 coercere
1278 1327 1329 1358 vel
1361 1328 1393 1357 in
1430 1338 1503 1358 eum
1534 1327 1682 1357 desevire
1718 1338 1789 1368 pre-

139 1382 311 1424 sumpserit
341 1388 396 1413 aut
427 1381 605 1423 quidquam
637 1382 666 1412 ei
698 1388 809 1412 contra
840 1381 947 1422 legum
978 1382 1079 1411 vetita
1114 1387 1168 1411 aut
1205 1381 1404 1421 excogitata,
1444 1391 1505 1422 que
1544 1381 1577 1410 in
1616 1379 1688 1421 lege
1726 1391 1790 1410 non

140 1441 222 1475 sunt,
247 1435 366 1466 inferre
390 1435 606 1476 temptaverit,
639 1440 694 1465 aut
718 1434 925 1465 medietatem
950 1445 1056 1464 rerum
1083 1445 1212 1464 suarum
1237 1433 1315 1464 fisco
1347 1433 1535 1464 sociandam
1568 1433 1703 1471 amittat,
1735 1438 1790 1463 aut

140 1489 166 1520 si
196 1488 290 1519 nullis
321 1488 418 1518 fultus
450 1488 546 1519 fuerit
579 1487 693 1522 rebus.
731 1493 860 1518 centum
897 1487 1084 1518 decalvatus
1115 1486 1244 1528 flagella
1276 1487 1442 1528 suscipiat.
1496 1485 1547 1516 Illi
1578 1491 1702 1525 tamen,
1735 1486 1790 1527 qui

139 1542 222 1572 hanc
248 1542 294 1572 eis
319 1546 511 1583 potestatem
536 1551 633 1582 super
657 1540 849 1571 christianos
874 1551 1028 1570 exercere
1053 1539 1268 1581 permiserint,
1301 1540 1326 1569 si
1351 1538 1467 1570 nobilis
1501 1539 1555 1580 qui
1586 1538 1646 1569 hoc
1677 1538 1791 1569 fecerit

140 1605 278 1636 persona
303 1594 456 1630 extiterit,
489 1593 602 1625 decem
626 1593 724 1624 libras
749 1594 819 1624 auri
843 1593 920 1624 fisco
946 1598 1076 1624 coactus
1109 1592 1266 1632 exsolvat,
1298 1593 1429 1623 minime
1461 1597 1569 1622 tamen
1593 1591 1789 1633 vilioresque

141 1658 278 1690 persone
315 1648 457 1689 quinque
491 1646 589 1677 libras
627 1647 697 1677 auri
728 1646 806 1677 fisco
837 1645 1069 1688 persolvendas
1101 1646 1258 1676 amittant.
1314 1644 1410 1684 Quod
1442 1645 1468 1675 si
1504 1656 1567 1675 non
1606 1644 1788 1683 habuerint,

140 1700 226 1732 unde
253 1706 445 1742 conponant,
472 1700 615 1731 centenis
641 1699 801 1730 decalvati
825 1698 962 1740 flagellis
987 1698 1185 1730 subiaceant.

245 1827 310 1854 XII,
331 1828 354 1854 3,
377 1827 416 1850 16.
457 1826 533 1850 codd.
555 1825 616 1849 El.
637 1825 692 1849 1'1.
714 1827 737 1849 5.
761 1825 795 1853 (6.
818 1824 867 1853 11¹).
902 1837 933 1840 —
967 1825 982 1848 Ζ.
1006 1826 1026 1848 l.
1057 1824 1161 1848 GLOR.
1186 1824 1251 1848 deest
1275 1824 1298 1847 Γ
1314 1825 1335 1847 1.
1362 1825 1384 1847 6.
1411 1826 1450 1847 10.
1484 1823 1491 1853 {l
1525 1824 1540 1847 l.
1561 1824 1584 1847 2.
1614 1823 1791 1855 prodiderunt

139 1871 167 1895 E
186 1873 213 1901 13
240 1871 408 1903 prodiderint
435 1878 493 1894 esse
523 1870 591 1894 Mad.
625 1876 632 1897 ῃ
666 1870 682 1894 l.
703 1871 726 1893 4.
755 1870 777 1892 si
805 1866 885 1899 dom.]
915 1872 941 1892 et
968 1869 1037 1893 (lom.
1066 1869 1136 1892 Jlsul.
1169 1868 1181 1898 l}
1210 1869 1226 1892 Ζ.
1247 1869 1270 1892 5.
1301 1865 1442 1900 abinceps]
1470 1869 1503 1892 ab
1533 1869 1583 1891 hoc
1613 1872 1735 1898 tempore
1765 1871 1791 1891 et

140 1915 268 1947 deinceps
289 1916 312 1938 si
332 1914 402 1938 illud.
449 1923 477 1938 se
497 1914 563 1938 dees-t
582 1913 608 1937 E
621 1915 643 1937 1.
677 1912 684 1942 ’[
717 1914 732 1937 Ζ.
754 1914 777 1936 G.
808 1910 909 1943 eorum]
930 1913 1101 1938 Hebreorum
1124 1913 1145 1936 1'
1158 1915 1178 1936 1.
1226 1921 1336 1937 suorum
1355 1913 1421 1936 deese
1439 1912 1510 1936 Mad.
1557 1913 1704 1944 persistunt
1723 1912 1790 1935 Pide.

140 1964 203 1984 tune
223 1956 296 1990 quia]
315 1959 351 1982 ita
371 1958 426 1982 Vl.
447 1958 536 1986 .1[α(Ζ.;
554 1962 618 1982 tunc
639 1958 683 1989 qui
704 1957 731 1981 E
744 1959 772 1987 1;
799 1960 863 1981 tunc
884 1957 946 1987 1⁷5;
974 1957 1064 1981 taliter
1084 1957 1151 1981 I’itlz.
1184 1956 1192 1985 11
1225 1957 1241 1981 Ζ.
1259 1958 1281 1981 7.
1311 1957 1425 1988 gratiam
1446 1969 1479 1972 —
1500 1957 1638 1980 servitutis
1659 1956 1707 1980 cle-s.
1728 1955 1790 1979 El.

140 2003 207 2028 Pitlz.
257 2003 343 2035 gratie
364 2003 419 2026 Vl.
475 2003 629 2033 respuerint
648 2001 719 2025 Mad.
770 2001 863 2025 collati
884 2001 946 2031 1'13
968 2001 1068 2025 collata
1089 2001 1159 2025 Mad.
1216 1998 1335 2032 religati]
1358 2001 1393 2024 ita
1414 2000 1440 2024 Ε
1453 2002 1474 2024 1.
1496 2001 1550 2024 Ῐ’1.
1572 2000 1656 2026 Fiat,-
1676 2000 1790 2031 religata

139 2048 211 2072 Jsad.
244 2053 252 2077 11
285 2048 300 2072 Ζ.
321 2048 344 2071 S.
373 2050 516 2071 teneantur
538 2046 592 2070 Vl.
613 2046 637 2070 5.
684 2043 835 2075 manifeste]
855 2045 921 2069 deest
939 2045 1019 2075 1⁷103
1041 2046 1258 2069 manifestissime
1279 2045 1350 2069 Mad.
1396 2042 1544 2076 detectum]
1564 2045 1703 2069 decretum
1723 2044 1790 2068 Pitlz.

140 2093 156 2116 Ζ.
177 2094 200 2116 9.
229 2093 286 2123 ipse
306 2091 408 2115 Iudeus
423 2103 455 2106 —
471 2087 626 2120 conversus]
647 2091 700 2122 ipsi
720 2089 866 2113 cuiuslibet
885 2089 977 2114 iudaei
996 2090 1067 2113 servi
1081 2090 1139 2113 siut
1159 2091 1284 2113 conversi
1304 2089 1375 2113 Mad.
1408 2088 1416 2117 Η
1449 2089 1464 2113 Ζ.
1488 2090 1527 2113 10.
1556 2090 1701 2121 persistant
1720 2089 1790 2112 Mad.

140 2136 255 2168 quilibet
276 2135 344 2159 Pitlz.
364 2135 435 2158 Jlacl.
483 2143 515 2158 ex
535 2132 636 2163 christ.]
659 2133 822 2157 christianus
843 2133 913 2157 JIacl.
941 2132 948 2161 1]
975 2134 991 2158 Ζ.
1008 2135 1047 2157 11.
1071 2142 1119 2165 per
1140 2146 1171 2149 —-
1193 2131 1379 2164 christianum]
1401 2141 1449 2164 pro
1469 2141 1634 2164 unoquoque
1656 2133 1790 2164 mancipio

141 2181 288 2204 christiano
309 2179 380 2203 Jlad.
425 2187 457 2202 00
477 2178 582 2202 scilieet
603 2179 648 2209 qui
670 2175 726 2208 eos]
746 2185 778 2201 eo
799 2178 844 2208 qui
866 2185 897 2201 ea
916 2177 986 2201 Jsml.
1020 2177 1028 2207 1]
1061 2178 1078 2201 Ζ.
1100 2178 1139 2201 12.
1169 2177 1233 2201 data
1253 2177 1302 2201 hec
1323 2177 1434 2201 decreta
1454 2190 1485 2192 —
1506 2174 1635 2207 tenuisse]
1656 2177 1745 2200 datam
1767 2179 1791 2199 et

141 2225 277 2249 decretam
298 2236 329 2239 —
349 2224 468 2247 tenuisse
489 2222 686 2247 01·dinati‹:›ne1n
706 2221 777 2245 Jlad.

247 2277 310 2306 XII,
330 2278 354 2305 3,
376 2277 416 2300 17.
456 2275 532 2299 Codd.
552 2275 614 2298 ΕΙ.
635 2275 691 2298 ῐ’1.
711 2276 734 2298 5.
758 2275 808 2303 16).
828 2275 851 2298 S.
875 2273 942 2303 (10).
971 2287 1003 2290 —
1033 2275 1049 2298 Ζ.
1072 2275 1112 2298 13.
1142 2274 1247 2298 GLOR.
1267 2274 1332 2298 deest
1352 2274 1408 2297 1'1.
1429 2274 1452 2297 6.
1478 2274 1517 2297 10.
1551 2273 1558 2301 1]
1591 2273 1607 2296 l.
1630 2274 1669 2296 17).
1699 2280 1790 2304 quem-

141 2319 202 2353 que]
223 2329 384 2353 quemquam
403 2320 474 2344 Mad.
508 2326 515 2348 1]
549 2320 565 2345 Ζ,
587 2320 627 2342 16.
656 2316 762 2349 Nullus]
783 2318 858 2342 Nulli
880 2318 934 2342 VI.
956 2319 978 2342 S,
1027 2327 1043 2342 a
1062 2319 1148 2350 primo
1168 2331 1203 2334 —
1222 2319 1409 2342 Ianuariarum
1429 2318 1478 2341 ‹Ie-s.
1499 2317 1569 2340 Jlml.
1620 2317 1663 2340 die
1684 2314 1788 2347 quinto]

142 2366 165 2389 V
186 2366 249 2395 1⁷13
269 2366 362 2396 quinto
383 2364 440 2388 VS.
490 2364 525 2388 id.
545 2360 612 2393 Iam]
632 2363 692 2386 idus
714 2363 833 2386 Ianuarii
854 2362 910 2386 Vl.
931 2363 955 2386 8.
988 2362 996 2391 Ι]
1029 2363 1045 2386 I.
1067 2363 1108 2386 17.
1137 2360 1228 2392 ullam]
1249 2361 1339 2386 nullus
1361 2362 1383 2385 1⁷
1395 2363 1416 2385 1.
1438 2362 1461 2385 S.
1512 2358 1664 2392 inperandi]
1692 2364 1719 2384 et
1742 2361 1790 2383 im-

142 2410 254 2441 perandi
280 2408 324 2433 vel
350 2408 422 2432 chul.
477 2407 622 2431 coercendi
642 2406 684 2430 vel
704 2406 840 2438 plectendi
859 2406 909 2430 ‹les-
928 2406 984 2430 ΓΙ.
1005 2407 1029 2432 5,
1050 2407 1074 2429 S.
1097 2407 1136 2430 10.
1157 2404 1228 2430 Mad.
1261 2406 1269 2435 1]
1302 2407 1318 2430 Ζ.
1341 2406 1380 2429 IS.
1410 2405 1499 2436 aliqua
1519 2408 1556 2428 ut.
1575 2404 1649 2435 publ.
1669 2404 1696 2427 id
1722 2401 1790 2434 fieri]

141 2455 169 2478 id
188 2453 245 2477 fieri
265 2452 375 2485 publica
394 2452 465 2476 Mad.
496 2451 503 2480 1]
533 2452 550 2475 Ζ.
568 2452 610 2475 20.
634 2448 770 2480 coercere]
794 2458 919 2474 exercere
938 2450 998 2474 add.
1019 2450 1074 2474 1'1.
1096 2451 1120 2474 8.
1158 2447 1291 2480 desevire]
1312 2450 1449 2474 deservire
1470 2449 1525 2472 1'1.
1546 2449 1569 2472 S.
1600 2447 1608 2478 Ι]
1638 2449 1654 2472 Ζ.
1673 2449 1713 2472 22.
1737 2456 1791 2471 11011

142 2502 205 2522 sunt
223 2498 325 2521 inserta
347 2496 418 2520 Mad.
451 2496 459 2525 fi
492 2496 507 2519 Z.
529 2496 570 2520 23.
600 2492 655 2525 Illi]
676 2494 727 2518 Ille
748 2494 804 2518 1'1.
825 2496 848 2518 S.
881 2494 889 2524 Η
922 2495 938 2519 Ζ.
959 2495 1000 2518 24.
1028 2491 1210 2526 permiserint]
1236 2495 1389 2525 permiserit
1415 2493 1438 2517 Γ
1455 2495 1477 2516 1.
1505 2493 1534 2521 ὃς
1560 2493 1792 2523 praesumpserint

143 2541 214 2566 Jlacl.
251 2542 298 2572 qui
317 2541 368 2565 hoc
388 2537 494 2569 fecerit]
517 2543 607 2563 tamen
626 2538 649 2561 V
660 2539 683 2562 l.
703 2539 733 2567 ὃς
753 2538 803 2562 cles.
822 2538 846 2562 Γ
857 2540 896 2562 10.
930 2538 937 2567 1]
970 2539 986 2562 Ζ.
1007 2539 1048 2562 25.
1077 2536 1152 2567 fisco]
1174 2538 1291 2569 principi
1311 2537 1381 2561 Mad.
1419 2538 1527 2561 minime
1548 2534 1648 2566 tamen]
1669 2537 1791 2560 minimas

142 2593 208 2610 vero
232 2585 300 2614 V1;
326 2585 429 2608 minimi
448 2592 513 2608 vero
534 2583 596 2612 T'S;
623 2583 646 2606 si
672 2586 763 2606 tamen
792 2583 917 2606 minimae
942 2582 1014 2606 Mad.
1047 2585 1055 2610 41
1088 2583 1104 2606 Ζ.
1125 2583 1166 2606 26.
1195 2590 1324 2613 personas
1350 2581 1373 2604 Ῐν
1389 2583 1411 2605 1.
1467 2582 1531 2605 fisco
1557 2589 1626 2613 pers.
1654 2578 1789 2610 amittant]

143 2630 259 2662 principi
280 2630 369 2653 eoacti
389 2627 531 2652 exsolvant
550 2627 621 2651 Jlad.
655 2626 663 2655 <l
696 2627 712 2650 Ζ.
733 2627 774 2650 27.
804 2624 945 2656 decalvati]
967 2626 1126 2650 decalvatus
1148 2626 1210 2655 1'13
1237 2625 1302 2649 deest
1327 2625 1398 2649 Mad.
1453 2621 1621 2654 subiaceant]
1648 2628 1675 2648 et
1701 2624 1790 2648 decal-

143 2675 279 2699 rationem
299 2673 451 2704 suscipiant
470 2671 529 2696 add.
549 2671 619 2695 Mad.

253 2789 282 2823 1)
307 2789 346 2816 D.
372 2788 400 2816 9.
426 2788 490 2815 Ian.
515 2797 544 2815 a.
564 2797 596 2824 p.
624 2786 690 2814 Chr.
717 2786 790 2814 681.

1806 229 1876 262 xn,
1887 228 1915 262 3,
1929 229 1976 256 16.

1810 943 1879 977 ΧΠ,
1892 943 1919 977 3,
1934 943 1978 970 17.
