2247 3115
100 750 124 767 10

101 1015 124 1033 15

98 1281 123 1299 ΞΟ

97 1547 122 1565 25

97 1812 122 1831 30

97 2131 122 2150 35

96 2353 122 2371 40

95 2574 122 2593 -15

95 2795 121 2814 50

667 165 744 191 LEX
769 164 1069 191 VISIGOTHORUM
1094 164 1143 195 VI.
1163 164 1191 195 ἴ),
1214 164 1262 190 12.

152 262 250 297 Rea-c]
274 258 321 289 ira
347 264 532 292 commotus„
559 258 633 288 dum
658 257 860 299 disciplinam
891 258 937 288 in-

146 312 238 353 gerit.
273 322 474 353 quocumque
508 311 595 342 hictu
625 311 807 353 percutiens
839 310 936 341 homi-

147 364 265 395 cidium
290 365 533 406 perpetraverit,
563 376 594 395 et
618 363 669 394 vel
700 363 834 394 testibus
866 375 937 405 pro-
964 378 965 381 ¹

145 417 222 448 bare
249 417 389 459 potuerit
413 417 465 447 vel
496 423 582 448 certe
615 422 815 448 sacramento
847 428 937 447 suam

146 471 376 502 conscientiam
416 471 614 512 expiaverit,

145 523 353 554 homicidium
394 524 598 562 conmisisse,
646 523 686 554 ad
726 523 818 554 huius
858 523 937 563 legis

145 577 336 607 sententiam
374 577 476 607 teneri
516 588 579 607 non
618 577 744 618 poterit.
802 576 936 607 Verum-

144 635 252 660 tamen
284 630 310 659 si
342 630 427 660 servi
458 629 509 660 vel
546 629 660 660 ancille
696 628 936 660 instituentibus

144 682 194 713 vel
231 681 504 714 consentientibus
541 682 677 713 dominis
709 683 741 712 in
773 683 936 714 conservis

144 736 209 766 suis
223 735 274 767 vel
292 735 548 777 quibuscumque
565 735 710 777 personis
728 735 936 766 homicidium

144 789 400 831 perpetraverint
425 795 456 819 et
479 800 538 830 per
567 789 769 819 exactionem
798 794 936 819 tormen-

143 848 246 873 torum
272 842 401 873 eosdem
427 841 572 872 dominos
598 853 670 872 suos
690 841 767 872 talia
784 841 845 872 sibi
863 853 935 872 con—

145 896 283 926 stituisse
308 896 506 926 taxavcrint:
533 895 618 925 servi
643 895 773 936 quidem
799 895 849 925 vel
882 906 934 925 an-

145 948 215 979 cille
251 948 328 979 talia
363 954 585 990 perpetrantes
622 949 764 979 centenis
802 948 936 989 flagellis

144 1001 272 1043 publice
296 1001 490 1032 verberandi
522 1007 594 1032 sunt
625 1001 684 1032 hac
715 1002 852 1043 turpiter
883 1001 935 1032 de·
963 1026 964 1033 ,

144 1054 310 1088 calvandi:
351 1065 461 1085 eorum
500 1065 577 1085 vero
618 1054 737 1085 (lumini
778 1055 936 1096 superiori

144 1114 216 1138 sunt
241 1108 400 1139 sententia
416 1107 562 1138 feriendi.
600 1108 811 1149 Quecumque
829 1113 936 1138 autem
963 1136 964 1141 ,

143 1172 282 1203 persona
304 1161 446 1202 ingenua
470 1167 601 1202 propter
625 1161 699 1191 furti
725 1161 935 1202 1·a}1›acitate111

143 1215 176 1245 in
200 1215 313 1245 itinere
338 1213 389 1245 vel
414 1215 446 1244 in
472 1213 565 1245 domo
585 1215 724 1256 positum
742 1226 935 1256 quemquam

142 1267 298 1298 insidians
319 1267 476 1298 occidisse
495 1267 665 1309 detegitur,
683 1267 844 1298 homicida
862 1279 935 1298 con-

141 1321 229 1351 tinuo
254 1332 311 1363 pro
335 1320 507 1351 homicidio
524 1321 684 1362 puniatur.
726 1321 766 1351 Et
784 1321 934 1362 quoniam

142 1374 274 1405 consilio
319 1375 455 1416 quisque
499 1374 550 1405 vel
594 1375 683 1405 iussu
726 1374 935 1405 homicidium

141 1427 325 1458 faciendum
349 1428 500 1458 insistens
524 1428 639 1458 noxior
663 1427 856 1458 iudicandus
887 1433 936 1458 est
962 1427 963 1431 ’

142 1492 239 1522 quam
276 1480 346 1519 ille,
387 1481 442 1522 qui
480 1480 688 1511 homicidium
728 1492 824 1522 opere
864 1492 934 1522 per-

141 1535 299 1576 petravit,
353 1533 386 1564 id
440 1533 624 1576 specialiter

142 1588 291 1629 oportuity
323 1593 357 1618 ut
388 1594 526 1629 excepta
557 1598 655 1618 causa
686 1598 862 1626 servorum,
895 1587 934 1618 de
962 1586 963 1606 ἶ

142 1640 258 1682 quibus
293 1651 390 1682 supra
424 1645 569 1671 taxatum
602 1647 665 1680 est,
703 1641 729 1670 si
760 1641 934 1682 ingenuum
962 1654 963 1683 3

141 1693 193 1724 vel
228 1694 401 1735 ingenuam
436 1704 495 1735 per
530 1705 659 1724 servum
695 1699 749 1724 aut
785 1693 934 1724 ancillam

143 1746 290 1777 dominus
315 1746 486 1777 dominare
512 1746 724 1777 occidendum
741 1747 933 1788 preceperit,

142 1806 173 1831 et
196 1811 255 1842 per
278 1799 411 1830 arduam
437 1805 514 1842 aput
537 1799 677 1831 iudicem
704 1799 934 1842 publicamque

141 1858 371 1884 tormentorum
396 1853 628 1884 discussionem
645 1853 723 1884 talia
739 1853 778 1884 de
797 1853 934 1884 dominis

141 1906 260 1937 fuerint
290 1906 460 1937 manifeste
493 1906 648 1946 confessi,
680 1917 792 1937 servus
822 1906 935 1948 procul

195 2036 241 2063 VI,
262 2036 285 2064 5,
308 2037 347 2059 12.
386 2036 401 2060 ἰ.
421 2036 444 2061 2.
467 2037 634 2068 percuttiens
654 2036 678 2059 R
694 2037 715 2060 1.
748 2035 757 2065 Η
789 2036 804 2059 l.
825 2036 849 2059 3.
876 2043 934 2067 per-

140 2077 297 2112 petraverit]
317 2080 352 2104 ita
371 2080 458 2109 alaim
477 2081 695 2112 penepetraverit
714 2079 746 2104 R.
773 2079 782 2109 ll
808 2080 823 2103 l.
845 2082 868 2103 4.
895 2088 935 2104 sa-

141 2129 306 2148 cramentum
326 2124 350 2148 R
365 2126 387 2148 1.
420 2123 427 2152 Η
460 2125 476 2148 l.
497 2126 520 2149 5.
547 2124 602 2148 tale
622 2124 647 2148 It
661 2126 684 2148 2.
714 2124 722 2153 Η
753 2125 768 2148 ἶ.
790 2125 829 2148 10.
852 2124 935 2148 homi-

141 2169 240 2192 cidium
259 2166 483 2200 perpetraverint]
506 2169 622 2193 dixerint
641 2177 668 2192 se
688 2169 863 2192 homicidium
877 2177 934 2200 per-

140 2216 262 2244 petrasse
273 2212 342 2236 Jlaael.
363 2212 371 2241 Η
390 2213 406 2236 Ζ.
419 2214 459 2238 ΙΙ.
473 2221 522 2244 per
533 2214 673 2237 exactione
688 2213 711 2236 R
722 2214 745 2237 2.
765 2213 772 2241 Η
792 2213 808 2237 ί.
821 2214 861 2237 15.
875 2210 935 2244 hac]

141 2265 172 2280 ae
200 2257 223 2280 R
242 2257 266 2280 2.
299 2257 307 2285 [l
339 2257 355 2280 l.
378 2257 417 2280 16.
444 2258 576 2288 superiori
603 2269 636 2272 —
662 2254 787 2287 feriendi]
815 2258 839 2281 si
865 2258 934 2281 iura-

140 2302 227 2325 verint
245 2305 287 2325 etc.
310 2299 353 2332 (cf.
373 2299 446 2329 Erv.)
470 2314 502 2317 —
522 2301 656 2325 occidisse
676 2301 746 2325 Mad.
774 2301 781 2329 il
809 2302 824 2325 ἶ.
839 2302 880 2325 21.
901 2301 935 2325 Et

139 2345 205 2369 deest
218 2345 241 2369 R
252 2347 275 2369 1.
296 2344 305 2374 ΙΙ
326 2345 342 2369 l.
354 2346 395 2369 22.
410 2342 533 2377 quisquej
547 2346 645 2376 quique
660 2345 684 2368 R
696 2347 717 2369 1.
740 2344 747 2373 Η
769 2346 785 2370 ἰ.
796 2346 837 2369 24.
853 2354 934 2377 opere

139 2389 205 2413 deest
223 2389 284 2413 132.
317 2389 325 2418 il
357 2389 373 2413 l.
394 2390 435 2413 28.
463 2386 520 2419 aut]
543 2389 585 2413 vel
607 2389 667 2413 Re.
700 2390 708 2418 {l
741 2390 756 2414 l.
777 2391 818 2414 29.
845 2390 934 2414 hoeci-
961 2390 964 2417 ἶ,

141 2434 257 2458 dendum
283 2433 307 2457 R
328 2435 350 2457 1.
383 2432 391 2462 Η
423 2434 439 2457 Ζ.
460 2435 502 2457 30.
529 2434 601 2465 apud
627 2434 652 2457 R
671 2435 694 2458 2.
726 2437 734 2462 ’,1
767 2434 782 2458 ἶ.
803 2435 844 2458 32.
872 2443 933 2458 con-

140 2475 215 2508 fessi]
237 2479 260 2502 si
282 2478 333 2502 hoc
356 2482 398 2502 etc.
424 2476 467 2509 (cf.
487 2477 560 2507 Erv.)
590 2491 621 2493 —
649 2479 736 2502 iurare
763 2479 935 2510 nequiverint

139 2522 199 2546 add.
218 2522 290 2546 Mad.

658 469 796 501 nolendo
840 469 937 500 talem
965 460 966 475 ³

677 1534 935 1565 constituendum
962 1542 963 1547 ¹

1725 164 1786 193 277

965 258 966 291 l
994 261 1080 295 1⁴]er
1110 265 1212 287 sidians
1240 264 1372 288 occidisse
1393 266 1527 294 detegitur
1563 267 1699 290 homicida
1726 275 1788 291 con-

965 315 966 331 l
993 318 1070 341 tinuo
1090 326 1137 348 pro
1157 317 1302 341 homicidio
1330 319 1465 349 puniatur.
1513 319 1544 342 Et
1571 320 1697 350 quoniam
1725 328 1787 343 con-

993 370 1054 394 silio
1076 371 1187 401 quisque
1209 370 1250 393 vel
1272 371 1347 394 iussn
1368 371 1543 395 homicidium
1571 373 1723 396 sur-iendum
1752 374 1787 396 in-

993 424 1090 447 sistens
1125 424 1222 447 noxior
1258 424 1420 447 iudicandus
1456 427 1495 447 est.
1531 433 1608 455 quam
1645 425 1705 454 ille,
1742 427 1786 457 qui

994 476 1167 500 homicidium
1189 484 1270 508 opere
1290 478 1463 508 perpetravit,
1491 478 1516 500 id
1544 478 1698 509 specialiter
1725 487 1787 502 con-

964 534 966 579 ξ
993 529 1158 553 stituendum
1181 530 1307 561 oportuit,
1335 533 1363 554 ut
1391 534 1504 562 excepta
1532 539 1614 555 causa
1641 540 1788 560 servorum,

993 582 1026 605 de
1055 583 1152 613 quibus
1182 591 1263 613 supra
1289 586 1409 606 taxatum
1437 587 1491 610 est,
1521 584 1542 607 si
1572 585 1719 613 ingenuum
1747 585 1787 608 vel

993 636 1139 667 iugenuam
1162 644 1210 667 per
1236 644 1341 659 servum
1367 635 1408 659 vel
1436 636 1562 660 ancillam
1590 637 1714 661 dominus
1742 639 1786 661 do-

993 689 1098 712 minave
1119 689 1298 713 occidendum
1316 690 1476 721 preceperit,
1493 694 1518 713 et
1533 698 1580 721 per
1594 691 1787 715 discussionem

993 742 1062 772 apud
1083 742 1198 765 iudicem
1225 742 1291 766 talia
1318 743 1349 766 de
1378 742 1493 766 dominis
1521 743 1621 766 fuerint
1647 744 1787 767 manifeste

993 795 1118 823 vonfessi,
1139 788 1165 818 si
1182 788 1243 819 hoc
1260 799 1318 830 per
1333 788 1512 829 legitimum
1529 794 1643 819 testem
1660 789 1787 820 firmare

993 841 1212 882 nequiverint,
1261 842 1363 872 servis
1403 853 1500 883 super
1539 841 1675 873 dominis
1722 843 1787 873 suis

993 894 1081 924 credi
1106 906 1168 925 non
1194 894 1370 936 oportebit3
1397 900 1445 925 set
1470 895 1530 936 ipsi
1554 900 1630 926 tunc
1656 895 1786 933 domini,

993 948 1047 989 qui
1078 947 1153 978 talia
1184 948 1315 979 iussisse
1348 947 1508 987 dicuntur,
1540 960 1648 979 coram
1680 948 1787 979 iudice

993 1012 1025 1031 se
1051 1012 1107 1031 suo
1132 1006 1333 1032 sacramento
1358 1002 1546 1032 innocentes
1571 1001 1706 1032 reddere
1724 1013 1787 1033 non

992 1059 1165 1084 morentur.
1580 1054 1787 1085 homicidium

1231 1054 1297 1096 Ipsi
1338 1066 1432 1093 vero,
1481 1055 1534 1096 qui

992 1107 1108 1138 fecisse
1140 1107 1279 1138 confessi
1311 1113 1400 1144 sunt.
1437 1113 1491 1138 aut
1521 1119 1578 1149 pro
1615 1107 1786 1139 homicidio

963 1157 964 1162 ¹
991 1161 1174 1202 puniantur,
1211 1166 1265 1191 aut
1301 1161 1481 1192 occisorum
1517 1160 1704 1202 parentibus
1736 1161 1787 1192 vel

1455 1219 1490 1244 ut

963 1278 964 1307 ;
992 1266 1098 1297 facere
1118 1267 1276 1298 voluerint
1296 1266 1437 1297 habeant
1453 1272 1654 1308 potestatem.
1692 1267 1786 1306 Quod

963 1210 1180 1255 lpropinquis
1227 1213 1408 1253 tradantur,
1537 1214 1622 1256 quod
1662 1214 1701 1245 de
1741 1215 1786 1245 eis

962 1313 964 1347 l
992 1320 1018 1350 si
1043 1320 1163 1350 domini
1188 1332 1297 1351 eorum
1322 1320 1427 1351 iurare
1452 1321 1666 1362 nequiverint,
1690 1336 1785 1352 servus

962 1360 964 1394 l
991 1380 1085 1412 procul
1105 1381 1187 1404 dubio
1208 1380 1250 1404 vel
1278 1380 1377 1404 ancilla
1403 1384 1457 1404 tam
1484 1381 1565 1404 noxia
1591 1384 1785 1413 perpetrantesy

962 1421 963 1424 Ἴ
991 1434 1149 1458 ducentenis
1176 1435 1311 1458 verberati
1337 1433 1465 1465 flagellis,
1493 1435 1607 1466 turpiter
1633 1435 1712 1458 etiam
1741 1435 1785 1458 de>

962 1495 963 1510 1
991 1486 1116 1511 ealvandi
1148 1491 1224 1517 sium
1258 1487 1360 1511 domini
1388 1495 1468 1515 vero,
1503 1488 1597 1518 quibus
1630 1488 1785 1511 iubentibus

990 1540 1043 1564 tale
1063 1541 1138 1564 nefas
1159 1541 1305 1564 admissum
1327 1543 1374 1567 est,
1399 1539 1509 1571 capitali
1529 1548 1557 1564 se
1578 1541 1702 1564 noverint
1722 1549 1784 1572 sup-

990 1594 1073 1625 plicio
1100 1594 1279 1625 perimendos.
1324 1594 1392 1617 Nam
1419 1595 1441 1617 si
1471 1594 1582 1625 ingenui
1609 1593 1724 1624 quilibet
1754 1602 1785 1618 ex

991 1648 1124 1670 communi
1162 1647 1276 1671 consilio
1315 1647 1488 1671 homicidium
1526 1650 1680 1678 perpetrare
1722 1647 1785 1671 deli—

991 1701 1152 1729 beraverint,
1178 1700 1227 1729 illi,
1255 1701 1299 1732 qui
1319 1701 1432 1725 fortasse
1453 1701 1635 1732 percusserint
1655 1704 1702 1724 aut
1721 1709 1785 1731 quo-

991 1762 1105 1785 cumque
1132 1755 1188 1778 ictu
1215 1754 1350 1778 hominem
1376 1754 1575 1781 interfecerint,
1602 1756 1686 1777 morte
1715 1754 1785 1777 dam-

990 1808 1072 1831 nandi
1104 1811 1180 1836 sunm
1212 1807 1252 1831 illi
1280 1815 1361 1835 vero,
1395 1808 1440 1839 qui
1475 1815 1535 1831 cum
1571 1807 1608 1831 eis
1642 1806 1785 1831 consilium

991 1861 1117 1885 habuisse
1142 1861 1341 1892 repperiuntur,
1369 1861 1491 1891 quamvis
1519 1868 1572 1884 non
1596 1861 1785 1892 percusserint,

990 1917 1099 1946 propter
1136 1914 1258 1946 iniquum
1296 1917 1386 1938 tamen
1424 1913 1567 1937 consilium
1609 1913 1785 1938 ducentorum

1043 2036 1091 2064 VI,
1112 2037 1135 2064 5,
1158 2037 1198 2060 12.
1241 2036 1256 2060 ἶ.
1277 2037 1300 2060 2.
1329 2033 1464 2067 quoniam]
1487 2034 1529 2066 qm
1550 2035 1617 2064 E1;
1638 2036 1697 2066 qem
1717 2035 1785 2064 E23

989 2080 1055 2104 deest
1074 2080 1129 2104 ΓΙ.
1154 2081 1183 2110 53
1209 2088 1307 2104 erasum
1330 2080 1353 2103 1'
1367 2081 1392 2104 6.
1424 2080 1432 2109 Η
1465 2080 1480 2103 l.
1501 2081 1524 2103 5.
1552 2077 1643 2111 opere]
1672 2088 1784 2111 operare

991 2124 1017 2148 E
1036 2126 1058 2148 1.
1113 2124 1279 2156 ispecialiter
1306 2124 1333 2148 E
1351 2126 1374 2148 2.
1414 2125 1421 2154 Η
1461 2125 1476 2148 ἰ.
1497 2125 1521 2148 6.
1551 2125 1687 2156 oportebit
1714 2124 1784 2148 Mad.

991 2172 1105 2200 excepto
1126 2177 1236 2193 causam
1264 2169 1291 2192 E
1307 2170 1331 2193 2.
1364 2168 1372 2197 {l
1405 2169 1420 2193 l.
1442 2170 1464 2192 9.
1493 2169 1688 2192 discussionem
1714 2169 1785 2200 apud

990 2211 1116 2244 iudicem]
1137 2213 1249 2238 arduam
1276 2213 1348 2245 apud
1376 2214 1491 2237 iudicem
1517 2212 1706 2244 publicamque
1733 2216 1784 2236 tor-

990 2262 1141 2282 mentorum
1161 2258 1357 2282 discussionem
1377 2257 1448 2281 Mad.
1478 2256 1486 2286 Η
1516 2257 1532 2281 Ι.
1554 2258 1592 2280 lo.
1616 2257 1648 2280 de
1669 2256 1784 2280 dominis

989 2301 1056 2326 talia
1076 2302 1132 2326 Vl.
1177 2302 1293 2326 dominis
1312 2302 1367 2326 suis
1387 2301 1457 2325 Mad.
1491 2300 1498 2329 Η
1531 2302 1547 2325 Ζ.
1570 2302 1608 2324 11.
1636 2301 1657 2324 si
1678 2298 1738 2330 hoc]
1759 2304 1784 2323 et

990 2346 1040 2370 hoc
1061 2346 1116 2370 1⁷3.
1149 2346 1157 2375 Η
1190 2347 1205 2371 Ζ.
1228 2347 1268 2370 12.
1294 2347 1446 2377 nequiverit
1471 2346 1494 2368 V
1510 2347 1531 2369 1.
1588 2345 1642 2368 suis
1670 2345 1784 2368 dominis

990 2390 1017 2414 E
1039 2392 1060 2414 1.
1090 2391 1113 2413 V
1131 2392 1154 2415 7.
1196 2390 1204 2419 ΙΙ
1245 2391 1261 2415 l.
1293 2392 1332 2414 13.
1368 2387 1419 2420 set]
1450 2390 1485 2413 ita
1516 2389 1548 2413 E.
1578 2389 1649 2418 1⁷73
1682 2389 1727 2412 sed
1758 2388 1783 2411 V.

990 2435 1005 2458 l.
1028 2436 1067 2458 14.
1099 2433 1223 2466 iuss[isse
1252 2432 1387 2464 dicuntur]
1420 2434 1488 2457 uncis
1516 2434 1610 2457 inclusa
1638 2433 1686 2456 cles.
1716 2432 1743 2455 E
1762 2434 1783 2456 1.

989 2479 1106 2503 iudicem
1127 2479 1188 2503 Ε2.
1222 2478 1229 2508 Η
1262 2480 1278 2503 Z.
1299 2480 1340 2502 16.
1367 2479 1428 2510 Ipse
1456 2478 1520 2501 El.
1552 2477 1560 2507 ΙΙ
1593 2477 1608 2501 ἶ.
1631 2477 1670 2500 19.
1697 2474 1781 2507 qnod]

989 2523 1024 2547 lta
1043 2523 1076 2547 E.
1095 2524 1151 2547 1⁷2.
1173 2524 1196 2547 6.
1218 2524 1247 2553 7;
1267 2523 1331 2554 quid
1352 2523 1375 2546 V
1387 2524 1408 2546 1.
1429 2524 1452 2546 3.
1473 2524 1496 2545 4.
1517 2523 1541 2545 ἵ).
1586 2521 1618 2545 (16
1638 2521 1702 2544 deest
1722 2520 1783 2544 E2.

989 2568 1004 2592 Z.
1037 2569 1078 2592 22.
1120 2565 1314 2599 perpetrantes]
1356 2570 1526 2598 perpetrasse
1569 2565 1667 2596 reperti
1710 2565 1733 2587 1⁷
1760 2565 1782 2588 2.

960 2642 962 2653 >
988 2613 1004 2636 l.
1025 2614 1066 2636 23.
1093 2613 1243 2636 verberatis
1269 2611 1296 2635 E
1315 2613 1336 2635 1.
1393 2611 1442 2634 hac
1462 2611 1577 2641 turpiter
1604 2609 1630 2632 E
1647 2610 1676 2639 23
1706 2617 1737 2632 ac
1765 2612 1781 2632 t.

960 2654 962 2675 l
995 2656 1017 2680 V
1029 2658 1050 2680 1.
1071 2657 1094 2680 2.
1151 2653 1322 2685 decalvandi]
1352 2654 1505 2679 de‹-alvaldi
1526 2653 1552 2677 E
1566 2655 1593 2682 13
1621 2653 1782 2677 decalbandi

989 2700 1050 2724 E-2.
1072 2700 1080 2729 ll
1101 2701 1117 2724 Z.
1133 2702 1174 2724 24.
1194 2697 1359 2729 iubentibus]
1375 2699 1529 2723 videntibus
1546 2698 1598 2721 ΓΙ.
1620 2695 1628 2726 Η
1650 2698 1665 2721 l.
1680 2694 1721 2721 282
1742 2696 1782 2720 illi

989 2745 1033 2776 qui
1054 2757 1085 2760 —
1107 2744 1251 2768 damnandi
1271 2741 1340 2773 sunt]
1363 2743 1398 2767 ita
1417 2742 1448 2765 E.
1470 2742 1525 2765 1⁷1.
1546 2743 1569 2765 2.
1590 2743 1614 2765 3.
1635 2742 1657 2765 6.
1679 2742 1707 2770 ῖς
1735 2740 1781 2764 1116

1696 2788 1780 2809 morte

988 2789 1033 2820 qui
1062 2789 1078 2812 f.
1109 2788 1271 2820 percusserit
1300 2806 1305 2811 .
1333 2806 1338 2810 .
1367 2805 1372 2811 .
1401 2786 1567 2810 interfecerit
1595 2804 1601 2809 .
1629 2804 1634 2809 .
1661 2804 1667 2809 .

988 2833 1156 2856 damnandus
1176 2836 1216 2856 est
1235 2832 1305 2856 Mad.

1810 265 1857 299 vl,
1871 265 1898 298 5,
1911 264 1954 291 12.
