2247 3115
102 713 126 731 10

102 978 126 996 15

101 1840 127 1859 30

102 2060 127 2079 35

103 2796 130 2814 50

662 131 739 157 LEX
765 130 1063 158 VISIGOTHORUM
1089 132 1155 164 XII,
1175 134 1203 163 3,
1226 133 1273 159 13.
1730 133 1790 162 441

148 226 232 260 Erit}
260 223 334 264 quia
360 229 391 253 et
416 224 493 253 ritus
519 234 629 254 omnes
646 223 796 254 Iudaicos
821 223 961 265 abneget
986 229 1017 254 et
1041 225 1073 254 in
1098 224 1183 255 nullo
1207 230 1360 267 sequatur
1384 232 1504 257 sectam
1527 227 1794 268 prevaricationis

147 275 288 316 antique.
336 275 377 305 Et
402 276 477 317 quia
503 287 543 306 ex
568 282 632 306 toto
659 276 755 306 corde
780 277 932 318 pristinos
957 288 1081 307 errores
1108 277 1291 319 relinquens
1324 278 1365 308 ad
1396 278 1491 309 tidem
1524 279 1687 320 religionis
1721 291 1793 310 con-

146 338 259 358 versus
283 328 379 358 fuerit
404 328 588 363 christiane.
615 340 687 360 cum
713 328 839 359 simboli
864 340 992 371 quoque
1018 330 1271 371 interpositione,
1298 336 1329 361 et
1354 331 1440 372 quod
1467 331 1551 362 ultra
1582 332 1624 362 ad
1655 334 1793 363 vomitus

146 381 195 411 sui
219 379 304 410 nullo
329 380 424 411 modo
450 386 631 412 revertatur
655 393 806 418 errorem,
825 381 876 412 vel
901 386 1008 413 cetera
1034 382 1211 413 seeundum
1230 384 1447 425 conscriptum
1467 385 1676 425 professionis
1694 386 1793 426 ipsius

147 433 302 471 ordinem,
328 445 423 475 quem
448 440 520 476 post
549 434 631 465 hanc
663 434 767 476 legem
800 436 982 465 curavimus
1014 435 1168 466 adnotare
1181 438 1200 466 ¹.
1256 436 1349 466 Hanc
1381 448 1458 467 sane
1490 437 1722 478 professionem
1754 450 1793 468 nc

146 486 240 517 nudis
264 487 484 517 tantummodo
510 487 682 518 verborum
707 487 974 529 promissionibus
1003 488 1168 529 proferant
1200 494 1230 519 et
1263 488 1350 519 aliud
1383 489 1481 520 verbo
1514 496 1672 531 promant,
1707 490 1792 521 aliud

147 539 242 570 corde
267 539 435 579 retineant,
461 541 572 582 sicque
598 541 629 571 in
654 552 765 571 eorum
789 541 954 582 promissis
981 540 1140 571 simulatio
1166 542 1271 582 potius
1297 553 1393 583 quam
1418 543 1537 573 veritas
1567 543 1671 573 locum
1702 554 1793 574 suum

146 592 298 631 inveniat,
325 592 461 623 sollicita
486 594 711 635 episcoporum
736 592 942 635 iudicumque
968 594 1122 624 instantia
1146 593 1191 624 illi
1216 594 1288 636 ipsi,
1314 595 1367 636 qui
1393 595 1568 636 superioris
1586 596 1794 637 professionis

146 655 202 675 sue
226 644 439 687 patefecerint
464 652 584 684 votum,
611 645 727 676 adlatis
753 645 1021 676 condicionibus‘2
1044 647 1150 677 iurare
1177 646 1352 684 debebunt,
1386 648 1462 688 quia
1487 659 1548 689 que
1581 660 1690 679 eornm
1723 660 1792 690 pro-

146 698 242 728 fessio
268 699 410 729 continet
435 699 560 729 sincero
586 704 616 729 et
640 710 702 729 non
729 698 887 729 maculato
913 699 1010 730 corde
1035 700 1247 741 przniteantur
1278 711 1322 739 se,
1356 700 1459 731 donec
1491 700 1686 740 advixerint,
1720 713 1792 732 con-

146 762 286 781 servare.
335 750 454 793 Sicque
479 752 543 791 tiet,
575 756 610 782 ut
634 751 678 782 hii
703 751 793 790 tales⁷
826 762 905 793 quos
937 758 967 782 et
998 752 1154 794 professio
1187 764 1259 783 cum
1291 754 1398 794 operis
1430 753 1546 784 effectu
1578 753 1692 794 dignos
1724 766 1794 785 esse

146 804 348 846 probaverit,
389 810 419 835 et
460 805 668 836 iurisiurandi
708 804 896 846 pollicitatio
936 805 1069 836 devotos
1109 806 1177 836 fore
1217 806 1460 845 monstraverit,
1501 807 1642 848 possint,
1685 812 1794 848 utpote

146 857 322 897 christiani,
348 858 596 889 christianorum
620 859 855 899 mancipiorum
880 859 1020 888 servitiis
1044 859 1099 889 uti.
1141 859 1223 889 Nam
1248 870 1312 889 non
1337 858 1430 889 aliter
1454 864 1605 900 poterunt
1622 859 1795 890 christiana

145 912 309 952 mancipia
343 911 470 942 illorum
506 910 648 942 dominio
684 911 867 952 subiugari,
904 912 966 941 nisi
1002 916 1033 942 et
1068 912 1129 953 ipsi
1160 911 1328 942 evidenter
1364 911 1604 953 conprobentur
1635 913 1794 943 verissimi

147 963 312 994 christiani
345 970 375 995 et
404 964 591 1006 frequenter
615 964 861 995 christianorum
887 965 1041 995 societate
1067 965 1230 1006 coniungi.
1285 964 1354 995 Iam
1385 976 1461 995 vero
1494 966 1547 1006 qui
1580 970 1654 1007 post
1686 965 1794 996 datam

145 1017 395 1058 professionem,
436 1017 561 1048 reddito
598 1023 799 1048 sacramento
837 1018 927 1048 iuxta
962 1018 1162 1059 superiorem
1198 1017 1359 1057 ordinem,
1404 1018 1616 1049 christianum
1652 1029 1685 1048 se
1724 1029 1794 1049 esse

145 1069 313 1101 devoverit
351 1076 383 1101 et
413 1071 445 1100 in
482 1069 625 1112 quolibet
656 1071 719 1101 ritu
748 1070 881 1101 Iudaice
914 1076 1001 1101 secte
1033 1070 1135 1101 cultor
1165 1082 1202 1101 ac
1236 1071 1457 1112 promissionis
1489 1082 1545 1101 sue
1576 1076 1796 1112 transgressor

146 1134 216 1154 esse
247 1124 440 1165 reperiatur,
473 1124 549 1165 quia
581 1128 611 1154 et
642 1134 759 1154 nomen
791 1123 925 1154 Domini
955 1135 1052 1154 ausus
1089 1129 1137 1154 est
1174 1124 1347 1165 profanare
1384 1129 1415 1154 et
1453 1135 1486 1154 se
1518 1124 1644 1155 Iudaici
1679 1125 1794 1155 erroris

146 1187 225 1207 ceno
257 1176 414 1218 polluere,
446 1177 572 1207 amissis
603 1176 699 1207 rebus
731 1176 879 1207 omnibus
912 1182 943 1207 et
975 1177 1006 1207 in
1038 1177 1193 1218 principis
1226 1181 1383 1218 potestate
1416 1177 1571 1216 redactis,
1604 1182 1635 1207 et
1666 1183 1793 1208 centum

145 1228 272 1271 flagella
308 1229 496 1261 decalvatus
531 1230 691 1272 suscipiat*
721 1235 752 1260 et
788 1229 877 1260 exilii
908 1229 1019 1260 debita
1054 1234 1239 1260 conteratur
1271 1241 1413 1260 erumna.
1468 1229 1544 1260 Illos
1576 1236 1701 1269 tamen,
1739 1231 1794 1271 qui

146 1282 302 1313 obdurato
336 1283 432 1314 corde
471 1282 686 1314 obstinatione
718 1283 838 1313 malitie
870 1282 1034 1313 interclusi
1067 1282 1151 1313 infra
1181 1294 1350 1313 numerum
1383 1282 1507 1313 dierum
1540 1284 1687 1325 superius
1721 1294 1793 1313 con-

146 1336 289 1366 stitutum
325 1342 379 1367 ant
414 1335 629 1377 professiones
670 1347 744 1366 suas
784 1335 950 1377 publicare
987 1335 1169 1366 destiterint
1211 1341 1266 1366 aut
1308 1341 1401 1366 extra
1443 1336 1624 1377 predictum
1667 1341 1794 1378 tempus

145 1388 355 1419 christianum
380 1389 575 1430 mancipium
600 1388 721 1419 habere
745 1389 1010 1430 presumpserint,
1036 1388 1078 1419 ad
1102 1388 1343 1419 damnationem
1368 1389 1524 1430 premisse
1550 1389 1640 1430 legis,
1667 1400 1728 1430 que
1754 1389 1793 1419 de

146 1441 328 1472 christianis
352 1442 523 1483 mancipiis
548 1442 613 1472 lata
637 1447 694 1480 est,
727 1447 761 1472 ut
784 1441 894 1472 Iudeis
918 1453 981 1472 non
1014 1442 1165 1481 serviant,
1198 1441 1394 1472 tenebuntur
1425 1441 1573 1480 obnoxii,
1606 1442 1639 1472 id
1671 1447 1728 1481 est,
1760 1448 1794 1472 ut

115 1509 123 1512 -
146 1500 200 1525 aut
230 1494 437 1525 medietatem
473 1505 579 1525 rerum
616 1506 745 1525 suarum
781 1494 859 1525 fiseo
896 1494 1083 1525 sociandam
1119 1495 1284 1534 amittant,
1321 1500 1390 1533 aut,
1428 1495 1455 1525 si
1490 1494 1620 1525 viliores
1656 1506 1793 1536 persone

145 1547 264 1578 fuerint
301 1553 331 1578 et
365 1559 431 1578 non
466 1547 655 1587 habuerint,
698 1547 784 1578 unde
821 1552 1020 1589 conponant,
1065 1552 1201 1578 centena
1238 1547 1398 1578 decalvati
1435 1547 1563 1589 flagella
1606 1548 1793 1589 suscipiant.

145 1600 309 1642 Mancipia
333 1606 441 1631 tamen
466 1600 651 1639 christiana,
677 1612 739 1642 que
763 1601 902 1631 retinere
928 1600 1015 1642 apud
1046 1611 1079 1630 se
1112 1605 1224 1631 contra
1255 1599 1362 1642 legum
1393 1601 1496 1631 vetita
1526 1601 1792 1642 presumpserint,

146 1654 222 1695 quia
253 1664 287 1684 se
318 1654 390 1695 ipsa
419 1653 559 1695 predicti
590 1654 742 1696 temporis
774 1654 878 1695 spatio
910 1653 1086 1684 christiana
1116 1653 1215 1684 fuisse
1254 1664 1318 1684 non
1354 1653 1572 1695 prodiderint,
1611 1654 1644 1684 in
1683 1664 1793 1684 eorum

146 1707 286 1745 servitio,
313 1706 428 1748 quibus
453 1718 471 1737 a
496 1718 572 1748 rege
598 1706 708 1738 donati
732 1707 861 1746 fuerint,
887 1707 1037 1737 servituri
1061 1706 1294 1748 perpetualiter
1318 1706 1564 1748 permanebunt.

251 1832 316 1859 XII,
337 1834 359 1861 3,
382 1833 422 1856 13.
467 1833 482 1856 Ζ.
505 1834 526 1856 1.
556 1836 582 1855 et
603 1829 677 1862 ritus]
698 1836 724 1856 et
742 1832 808 1856 deest
827 1832 894 1856 I’itlz.
933 1835 1034 1856 sectam
1054 1840 1118 1856 snae
1138 1840 1261 1864 praevar.
1283 1832 1352 1856 Mad.
1386 1831 1393 1860 Η
1426 1832 1442 1855 Ζ.
1464 1833 1487 1856 2.
1517 1833 1551 1856 Et
1570 1829 1643 1863 quia]
1665 1833 1795 1864 Quisquis

146 1877 229 1908 igitur
249 1884 281 1900 ex
307 1875 361 1900 illis
388 1876 458 1900 Mad.
515 1884 608 1900 sacrae
629 1876 770 1908 religionis
796 1876 867 1900 Mad.
900 1876 909 1905 ll
941 1877 957 1900 Ζ.
978 1878 1001 1900 4.
1031 1879 1202 1900 revertantur
1223 1876 1278 1900 1'1.
1335 1873 1528 1907 couscriptum]
1556 1876 1589 1900 ila
1617 1876 1643 1899 E
1663 1878 1684 1899 1.
1712 1876 1796 1901 Poll..-

146 1921 219 1952 quod
245 1921 375 1952 scriptum
402 1924 442 1944 est
468 1920 492 1943 V
508 1922 531 1944 1.
558 1921 588 1950 ὃς
615 1921 742 1952 seriptum
770 1921 839 1944 Mad.
873 1920 881 1950 Η
913 1921 930 1944 Ζ.
951 1921 974 1944 5.
1004 1918 1144 1950 adnotare]
1171 1921 1199 1944 in
1224 1920 1300 1944 nullo
1327 1928 1354 1944 se
1381 1920 1540 1952 profiteatur
1567 1920 1663 1944 exinde
1693 1920 1795 1951 aliquid

146 1966 287 1989 immutare
318 1965 378 1988 add.
407 1965 477 1988 Mul.
540 1965 596 1988 Has
626 1973 691 1988 sane
720 1965 904 1996 professiones
934 1964 960 1988 E
983 1966 1003 1988 l.
1044 1963 1052 1993 Η
1091 1965 1106 1988 Ζ.
1132 1966 1154 1988 6.
1188 1961 1424 1996 promissionibus]
1453 1965 1688 1996 propositionibus
1716 1965 1738 1987 Γ
1756 1966 1795 1988 10.

146 2013 251 2040 promat.
279 2009 349 2033 Jlacl.
389 2008 398 2037 11
436 2009 452 2033 Ζ.
471 2010 495 2033 7.
527 2009 608 2033 corde
637 2009 702 2033 deest
730 2009 754 2032 V
773 2010 795 2032 1.
851 2009 967 2033 retineat
996 2008 1066 2032 Mad.
1122 2006 1224 2040 sieque]
1254 2012 1280 2032 et
1308 2009 1348 2033 sic
1377 2008 1447 2032 Mad.
1505 2006 1607 2039 eorum]
1639 2009 1695 2032 eius
1725 2009 1794 2032 Mad.

146 2053 162 2077 l.
183 2054 206 2077 8.
239 2052 358 2077 sollicita
383 2066 415 2069 —
439 2050 578 2084 instantia]
605 2061 671 2077 cura
697 2052 813 2077 sollicita
840 2054 1029 2085 episcoporum
1056 2053 1228 2084 iudicumque
1256 2053 1407 2077 ministerio
1434 2053 1504 2076 Jlacl.
1561 2052 1614 2076 illis
1640 2053 1707 2084 ipsis
1734 2053 1756 2075 Γ
1774 2055 1795 2076 1.

146 2098 292 2128 superioris
313 2110 345 2113 —-
365 2095 468 2127 votum]
490 2098 657 2129 superiorem
677 2098 838 2121 seutentiam
858 2097 1036 2129 patefecerint
1055 2105 1116 2121 mox
1137 2097 1207 2121 Mad.
1234 2097 1242 2126 ΙΙ
1270 2097 1285 2121 Ζ.
1300 2098 1323 2121 9.
1347 2094 1407 2128 que]
1429 2105 1535 2128 queque
1557 2097 1612 2120 1⁷1.
1640 2098 1647 2125 Η
1675 2098 1690 2122 l.
1707 2098 1745 2121 10.
1770 2101 1795 2121 et

147 2138 210 2172 non]
242 2145 268 2166 et
296 2141 362 2165 deest
388 2141 459 2165 Mad.
524 2139 708 2173 profiteantur]
737 2144 923 2172 protestantur
952 2141 975 2163 V
995 2142 1034 2165 10.
1100 2149 1128 2165 se
1158 2141 1244 2165 donec
1275 2141 1427 2165 advixerint
1457 2149 1617 2165 conservare
1646 2141 1695 2164 «les.
1725 2141 1795 2165 Mad.

146 2187 162 2210 l.
185 2187 225 2210 12.
257 2185 409 2210 iusiurandi
435 2185 512 2209 Liml.
577 2186 776 2213 monstraverit,
805 2182 921 2216 possint]
951 2189 1101 2209 monstrare
1131 2186 1236 2217 possint
1262 2185 1286 2208 V
1301 2186 1324 2209 8.
1363 2185 1371 2214 [l
1411 2186 1426 2209 l.
1450 2186 1489 2209 13.
1526 2186 1733 2209 christianorum
1762 2194 1795 2208 m.

145 2227 272 2261 servitiis]
294 2230 448 2253 christianis
467 2230 610 2261 mancipiis
630 2229 701 2253 Mad.
745 2226 872 2259 servitiis]
892 2230 1009 2253 servitus
1030 2229 1057 2253 Ε
1070 2230 1092 2253 1.
1125 2228 1133 2257 ΙΙ
1166 2230 1182 2254 Z.
1205 2231 1245 2253 14.
1275 2227 1405 2260 dominio]
1425 2229 1534 2253 domino
1556 2229 1616 2253 El.
1655 2227 1796 2259 verissimi]

146 2275 283 2306 purissimi
304 2277 330 2298 et
349 2274 482 2298 verissimi
501 2273 557 2297 1⁷1.
579 2274 602 2297 5.
623 2273 646 2297 8.
673 2272 682 2302 Η
709 2273 724 2297 Ζ.
740 2274 780 2297 15.
804 2274 935 2297 societate
956 2271 1096 2305 coniungi]
1117 2274 1186 2297 escis
1206 2273 1381 2298 adhaeserint
1401 2276 1426 2297 et
1446 2274 1574 2304 coniugia
1594 2274 1703 2296 inierint
1725 2273 1795 2297 Mad.

145 2319 162 2342 l.
178 2319 218 2342 16.
241 2315 420 2348 sacramento]
442 2318 595 2342 iuramento
615 2317 686 2341 Mad.
733 2314 865 2347 ordinem]
887 2320 1010 2341 tenorem
1029 2317 1100 2341 Jlacl.
1127 2316 1135 2346 1]
1162 2318 1177 2341 Ζ.
1194 2319 1234 2342 17.
1259 2314 1410 2348 devoverit]
1432 2317 1585 2341 decreverit
1604 2325 1634 2340 ac
1657 2317 1796 2341 devoverit

152 2363 176 2386 V
191 2365 214 2387 1.
238 2364 262 2386 5.
287 2364 310 2386 S.
367 2361 454 2386 cultor
475 2359 516 2392 ac]
537 2361 626 2386 cultor
645 2366 671 2386 et
691 2361 715 2384 Γ
725 2363 747 2385 1.
767 2362 798 2391 ὃς
819 2360 909 2386 cultor
928 2361 978 2385 fuit
997 2362 1125 2385 inventus
1146 2365 1172 2386 et
1191 2361 1272 2385 huius
1293 2362 1362 2385 Mad.
1396 2362 1404 2389 Η
1437 2362 1452 2385 I.
1475 2362 1515 2385 13.
1546 2358 1663 2391 Domini]
1684 2361 1735 2384 Dei
1755 2362 1794 2385 sui

145 2407 205 2431 add.
230 2406 298 2430 Pith.
359 2414 387 2430 se
413 2406 479 2429 deest
504 2405 571 2431 Pitle.
604 2404 612 2434 Η
646 2406 661 2430 Ζ,
683 2406 724 2429 19.
754 2408 916 2437 potestatem
939 2405 1007 2429 Pith.
1030 2405 1100 2429 Mad.
1133 2404 1142 2434 l]
1175 2406 1190 2430 Ζ.
1212 2406 1254 2429 20.
1283 2408 1441 2429 conteratur
1468 2402 1587 2435 erumna]
1615 2413 1705 2436 poena
1732 2414 1795 2429 con-

145 2454 249 2475 teratur
271 2450 338 2474 Pith.
394 2453 550 2474 conteretur
569 2449 631 2474 El.
686 2447 761 2480 Illos]
788 2448 834 2473 Illi
861 2449 931 2473 Mad.
987 2450 1034 2480 qui
1054 2450 1188 2474 obdurato
1215 2447 1308 2480 eorde]
1335 2457 1403 2481 quos
1430 2449 1573 2473 obduratio
1600 2449 1689 2472 cordis
1717 2449 1740 2471 V
1756 2450 1795 2473 10.

147 2495 163 2519 Ζ.
183 2496 225 2519 21.
255 2495 446 2519 obstinationis
470 2494 531 2518 Vl.
557 2495 581 2518 8.
637 2495 660 2517 si
685 2495 755 2518 infra
782 2493 852 2517 Mad.
885 2492 893 2521 ΙΙ
925 2494 941 2518 Ζ.
962 2494 1004 2518 22.
1033 2497 1081 2518 aut
1101 2494 1283 2525 professiones
1303 2490 1376 2524 suas]
1397 2493 1594 2524 professionem
1622 2501 1696 2516 suain
1724 2493 1795 2516 Mad.

147 2540 162 2563 Ζ.
183 2540 224 2563 26.
254 2538 389 2564 decalvati
409 2536 528 2571 flagella]
547 2537 656 2570 flagella
677 2545 736 2562 cum
764 2537 955 2562 decalvatione
983 2537 1052 2561 Mad.
1085 2537 1094 2566 ΙΙ
1127 2538 1142 2562 Ζ.
1163 2538 1205 2562 27.
1228 2535 1323 2568 vetita]
1344 2538 1484 2561 veritatem
1506 2537 1567 2565 1'13
1595 2538 1707 2561 vetitate
1734 2537 1758 2559 Γ
1773 2538 1796 2561 S.

146 2586 366 2615 presumpserunt
386 2583 447 2607 El.
480 2582 489 2611 ὶΙ
521 2583 538 2606 Ζ.
558 2583 600 2606 28.
624 2581 668 2606 vel
689 2583 752 2613 quia
772 2581 843 2605 and.
898 2579 968 2613 ipsa]
993 2582 1079 2613 ipsum
1106 2582 1129 2605 1⁷
1146 2583 1174 2611 1;
1201 2583 1260 2612 ipsa
1288 2582 1422 2612 mancipia
1450 2581 1520 2604 ΔἶΙαῑΖ.
1576 2578 1700 2612 predicti]
1726 2581 1795 2605 infra

146 2628 297 2659 predictum
316 2627 379 2657 1'13
399 2627 469 2651 infra
488 2627 602 2659 predicti
622 2626 692 2650 M'ad.
738 2623 838 2658 spatio]
858 2627 976 2657 spatium
996 2625 1052 2649 1'1.
1072 2625 1143 2649 Mad.
1187 2625 1366 2656 prodiderunt
1386 2625 1412 2648 Ε
1426 2627 1447 2648 1.
1475 2624 1482 2653 Η
1509 2625 1525 2648 Ζ.
1541 2626 1580 2648 29.
1603 2624 1703 2648 donata
1725 2625 1794 2649 chtcl.

146 2669 282 2702 servituri]
301 2672 435 2696 servitura
456 2671 543 2699 Jlad.;
561 2671 626 2695 deest
645 2670 701 2694 Vl.
722 2671 746 2694 ὃ.
793 2667 996 2702 permanebunt]
1016 2670 1163 2694 manebunt
1184 2669 1239 2693 1⁷1.
1262 2669 1330 2693 Mad.

258 2788 286 2821 1)
316 2787 385 2821 ΧΠ,
412 2787 440 2821 3,
468 2787 517 2814 14.
610 2786 640 2820 2)
673 2785 720 2820 cf
751 2785 821 2820 XII,
848 2786 876 2819 3,
905 2785 953 2813 15.

201 2845 246 2864 m..
262 2844 321 2865 sm.
337 2846 356 2864 1.
385 2845 402 2863 1.
1551 2847 1583 2870 515

1815 232 1881 265 xn,
1894 232 1922 266 3,
1937 232 1981 258 13.
